

@misc{GameAccesibilityASurvey,
    url = {https://link.springer.com/article/10.1007/s10209-010-0189-5}, 
    title = {Game accessibility: a survey},
    year = {2010},
    author = {Bei Yuan},
}

@misc{AccessInVidya,
    url = {https://link.springer.com/article/10.1007/s10209-018-0628-2}, 
    title = {Accessibility in video games: a systematic review},
    year = {2018},
    author = {Juan Aguado-Delgado},
}

@misc{HowToBhopCS2,
    url = {https://www.youtube.com/watch?v=O4dKlwpE__M&ab_channel=rubyiwnl}, 
    title = {How to BHOP in CS2 (NO BS)},
    year = {2024},
    author = {rubyiwnl},
}

@misc{ABH,
    url = {https://www.youtube.com/watch?v=5LCXxvLa7QE}, 
    title = {Accelerated Back Hopping Explained || Source Mechanics Episode 1},
    year = {2016},
    author = {KNISH},
}

@misc{STEAMDBAimLabChart,
    url = {https://steamdb.info/app/714010/charts/}, 
    title = {Aimlabs Steam Charts},
    year = {2024},
    author = {Steamdb},
}

@misc{AirStrafingExplained,
    url = {https://www.youtube.com/watch?v=5Mb_0fP2I_c}, 
    title = {Air Strafing Explained || Source Mechanics Episode 2},
    year = {2017},
    author = {KNISH},
}

@misc{BunnyHoppingProgrammers,
    url = {https://adrianb.io/2015/02/14/bunnyhop.html}, 
    title = {Bunnyhopping from the Programmer's Perspective},
    year = {2015},
    author = {Adrianb},
}

@misc{QuakeBHopTutorial,
    url = {https://www.youtube.com/watch?v=v6jm9iGW2Co}, 
    title = {Quake 1: Guide to bunny hop},
    year = {2010},
    author = {IloveFPS1},
}

@misc{EvaluatingValorantAim,
    url = {https://ieeexplore.ieee.org/abstract/document/9436822?casa_token=3kHEDgkgG1EAAAAA:XOtOCvyUHJs61fgUrsjNxculLOl2ztSFwITM_Tm_jpOrti_JBYOikzUFV2hd6dD8rjkhWvIhxXExMhM}, 
    title = {Evaluating The Effects of Aim Lab Training on Filipino Valorant Players' Shooting Accuracy},
    year = {2021},
    author = {Roldan, Cheselle Jan},
}

@misc{ExploringEsports,
    url = {https://urn.kb.se/resolve?urn=urn:nbn:se:his:diva-1463}, 
    title = {Exploring E-sports : A case study of game play in Counter-strike},
    year = {2007},
    author = {Rambusch, Jana},
}

@misc{BhopTutorialValorant,
    url = {https://www.youtube.com/watch?v=yyYeF6I_pF0}, 
    title = {How to Bunny Hop in Valorant},
    year = {2020},
    author = {SkillCapped Valorant},
}

@misc{CarmackPlan,
    url = {https://github.com/oliverbenns/john-carmack-plan}, 
    title = {oliverbenns/john-carmack-plan},
    year = {2017},
    author = {Benns, Oliver},
}

@misc{FrameRate,
    url = {https://doi.org/10.1007/s00530-007-0081-1}, 
    title = {On frame rate and player performance in first person shooter games},
    year = {2007},
    author = {Claypool, Kajal T},
}

@misc{ReplicatingSourceUnity,
    url = {http://www.theseus.fi/handle/10024/507593}, 
    title = {Replicating Source Engine Air Strafing in Unity},
    year = {2021},
    author = {Peltola, Mikko},
}

@misc{MoreSteamAirstrafe,
    url = {https://steamcommunity.com/sharedfiles/filedetails/?id=184184420}, 
    title = {Replicating Source Engine Air Strafing in Unity},
    year = {2013},
    author = {Kered13},
}

@misc{devDiaries,
    url = {https://www.youtube.com/watch?v=xu6g1uADlGg}, 
    title = {To design a tactical shooter // Dev Diaries - VALORANT},
    year = {2020},
    author = {VALORANT},
}

@misc{bhopHistory,
    url = {https://www.youtube.com/watch?v=HjKENNGIa6M&ab_channel=WaifuRuns}, 
    title = {The History of Bunnyhopping},
    year = {2021},
    author = {WaifuRuns},
}

@misc{phoon,
    url = {https://www.youtube.com/watch?v=SNvDUO42Hys&ab_channel=eBATEY}, 
    title = {CSS : phoon too much for zblock [FULL HD] bunnyhop fragmovie},
    year = {2010},
    author = {eBatey},
}

@misc{aimTrainingWorks,
    url = {https://1-hp.org/blog/hpforgamers/aim-training-for-gamers-does-it-really-work-an-evidence-based-discussion-part-1/}, 
    title = {Aim Training for Gamers - Does it really work? An Evidence-based Discussion | PART 1 - 1-HP},
    year = {2020},
    author = {Hwu, Matthew},
}